%YAML 1.1
%TAG !u! tag:unity3d.com,2011:
--- !u!1 &5035856890987248369
GameObject:
  m_ObjectHideFlags: 0
  m_CorrespondingSourceObject: {fileID: 0}
  m_PrefabInstance: {fileID: 0}
  m_PrefabAsset: {fileID: 0}
  serializedVersion: 6
  m_Component:
  - component: {fileID: 7588908415508512631}
  - component: {fileID: 306811342129138735}
  - component: {fileID: 452994375812458936}
  - component: {fileID: 4388017685908416719}
  - component: {fileID: 992812018034332950}
  - component: {fileID: -5660935110580812696}
  - component: {fileID: -7642414281867214531}
  m_Layer: 3
  m_Name: MaleOrc
  m_TagString: Enemies
  m_Icon: {fileID: 0}
  m_NavMeshLayer: 0
  m_StaticEditorFlags: 0
  m_IsActive: 1
--- !u!4 &7588908415508512631
Transform:
  m_ObjectHideFlags: 0
  m_CorrespondingSourceObject: {fileID: 0}
  m_PrefabInstance: {fileID: 0}
  m_PrefabAsset: {fileID: 0}
  m_GameObject: {fileID: 5035856890987248369}
  m_LocalRotation: {x: -0, y: -0, z: -0, w: 1}
  m_LocalPosition: {x: 11.65, y: -0.41, z: 1.2988281}
  m_LocalScale: {x: 0.5, y: 0.5, z: 1}
  m_Children: []
  m_Father: {fileID: 0}
  m_RootOrder: 0
  m_LocalEulerAnglesHint: {x: 0, y: 0, z: 0}
--- !u!212 &306811342129138735
SpriteRenderer:
  m_ObjectHideFlags: 0
  m_CorrespondingSourceObject: {fileID: 0}
  m_PrefabInstance: {fileID: 0}
  m_PrefabAsset: {fileID: 0}
  m_GameObject: {fileID: 5035856890987248369}
  m_Enabled: 1
  m_CastShadows: 0
  m_ReceiveShadows: 0
  m_DynamicOccludee: 1
  m_MotionVectors: 1
  m_LightProbeUsage: 1
  m_ReflectionProbeUsage: 1
  m_RayTracingMode: 0
  m_RayTraceProcedural: 0
  m_RenderingLayerMask: 1
  m_RendererPriority: 0
  m_Materials:
  - {fileID: 10754, guid: 0000000000000000f000000000000000, type: 0}
  m_StaticBatchInfo:
    firstSubMesh: 0
    subMeshCount: 0
  m_StaticBatchRoot: {fileID: 0}
  m_ProbeAnchor: {fileID: 0}
  m_LightProbeVolumeOverride: {fileID: 0}
  m_ScaleInLightmap: 1
  m_ReceiveGI: 1
  m_PreserveUVs: 0
  m_IgnoreNormalsForChartDetection: 0
  m_ImportantGI: 0
  m_StitchLightmapSeams: 1
  m_SelectedEditorRenderState: 0
  m_MinimumChartSize: 4
  m_AutoUVMaxDistance: 0.5
  m_AutoUVMaxAngle: 89
  m_LightmapParameters: {fileID: 0}
  m_SortingLayerID: 0
  m_SortingLayer: 0
  m_SortingOrder: 4
  m_Sprite: {fileID: 21300000, guid: 4f239ab7553a0064597c2dc5f7df5313, type: 3}
  m_Color: {r: 1, g: 1, b: 1, a: 1}
  m_FlipX: 0
  m_FlipY: 0
  m_DrawMode: 0
  m_Size: {x: 2.99, y: 2.99}
  m_AdaptiveModeThreshold: 0.5
  m_SpriteTileMode: 0
  m_WasSpriteAssigned: 1
  m_MaskInteraction: 0
  m_SpriteSortPoint: 0
--- !u!95 &452994375812458936
Animator:
  serializedVersion: 3
  m_ObjectHideFlags: 0
  m_CorrespondingSourceObject: {fileID: 0}
  m_PrefabInstance: {fileID: 0}
  m_PrefabAsset: {fileID: 0}
  m_GameObject: {fileID: 5035856890987248369}
  m_Enabled: 1
  m_Avatar: {fileID: 0}
  m_Controller: {fileID: 9100000, guid: 78e3cf0bad05fc94185bff1c57872cdf, type: 2}
  m_CullingMode: 0
  m_UpdateMode: 0
  m_ApplyRootMotion: 0
  m_LinearVelocityBlending: 0
  m_WarningMessage: 
  m_HasTransformHierarchy: 1
  m_AllowConstantClipSamplingOptimization: 1
  m_KeepAnimatorControllerStateOnDisable: 0
--- !u!60 &4388017685908416719
PolygonCollider2D:
  m_ObjectHideFlags: 0
  m_CorrespondingSourceObject: {fileID: 0}
  m_PrefabInstance: {fileID: 0}
  m_PrefabAsset: {fileID: 0}
  m_GameObject: {fileID: 5035856890987248369}
  m_Enabled: 1
  m_Density: 1
  m_Material: {fileID: 0}
  m_IsTrigger: 0
  m_UsedByEffector: 0
  m_UsedByComposite: 0
  m_Offset: {x: 0, y: 0}
  m_SpriteTilingProperty:
    border: {x: 0, y: 0, z: 0, w: 0}
    pivot: {x: 0.5, y: 0.5}
    oldSize: {x: 2.99, y: 2.99}
    newSize: {x: 2.99, y: 2.99}
    adaptiveTilingThreshold: 0.5
    drawMode: 0
    adaptiveTiling: 0
  m_AutoTiling: 0
  m_Points:
    m_Paths:
    - - {x: -0.5810916, y: -1.0329181}
      - {x: -0.56989294, y: -1.0950452}
      - {x: -0.5697658, y: -1.1373239}
      - {x: -0.5856057, y: -1.140807}
      - {x: -0.5844612, y: -1.240448}
      - {x: -0.6024031, y: -1.2696474}
      - {x: -0.6158689, y: -1.2985088}
      - {x: -0.6231207, y: -1.3628834}
      - {x: -0.6455238, y: -1.3692067}
      - {x: -0.64330286, y: -1.4557793}
      - {x: -0.643509, y: -1.4569029}
      - {x: -0.525659, y: -1.4628326}
      - {x: -0.18674973, y: -1.4582865}
      - {x: -0.18440005, y: -1.3654287}
      - {x: -0.2111093, y: -1.3640195}
      - {x: -0.2110057, y: -1.3202398}
      - {x: -0.16968422, y: -1.2354182}
      - {x: -0.22028999, y: -1.2362761}
      - {x: -0.2217372, y: -1.1958638}
      - {x: -0.29068255, y: -1.227743}
      - {x: -0.30560443, y: -1.2010328}
      - {x: -0.32176346, y: -1.2165307}
      - {x: -0.3729147, y: -1.2149698}
      - {x: -0.37529764, y: -1.1451005}
      - {x: -0.39204162, y: -1.140956}
      - {x: -0.39469284, y: -1.112322}
      - {x: -0.36176312, y: -1.080599}
      - {x: -0.35425833, y: -1.0579253}
      - {x: -0.35004005, y: -1.0195907}
      - {x: -0.34807342, y: -0.9902502}
      - {x: -0.3214265, y: -0.9972567}
      - {x: -0.31161126, y: -1.0338591}
      - {x: -0.2754136, y: -1.0839279}
      - {x: -0.2299073, y: -1.0030465}
      - {x: -0.17837536, y: -1.0817825}
      - {x: -0.122904584, y: -1.1240748}
      - {x: -0.059749573, y: -1.1374786}
      - {x: 0.028289085, y: -1.1315445}
      - {x: 0.09581613, y: -1.0819899}
      - {x: 0.21249373, y: -1.1416291}
      - {x: 0.24246618, y: -1.1458356}
      - {x: 0.13741794, y: -1.0305684}
      - {x: 0.16128904, y: -0.99819875}
      - {x: 0.18765242, y: -0.93187857}
      - {x: 0.33082306, y: -0.96828}
      - {x: 0.35867313, y: -0.96185553}
      - {x: 0.21500124, y: -0.8613153}
      - {x: 0.2166922, y: -0.849798}
      - {x: 0.33965787, y: -0.8435986}
      - {x: 0.34710443, y: -0.8292544}
      - {x: 0.23035184, y: -0.78605187}
      - {x: 0.23711923, y: -0.7081676}
      - {x: 0.37813994, y: -0.6844913}
      - {x: 0.40605158, y: -0.66658384}
      - {x: 0.2351235, y: -0.6276357}
      - {x: 0.3316941, y: -0.6125583}
      - {x: 0.33113077, y: -0.59725946}
      - {x: 0.2256239, y: -0.57786876}
      - {x: 0.22059357, y: -0.55818397}
      - {x: 0.37133133, y: -0.52399343}
      - {x: 0.385, y: -0.505}
      - {x: 0.3817457, y: -0.5078119}
      - {x: 0.20124544, y: -0.47732127}
      - {x: 0.15644012, y: -0.39909825}
      - {x: 0.24714768, y: -0.33557254}
      - {x: 0.12965377, y: -0.35178465}
      - {x: 0.063805714, y: -0.2954354}
      - {x: 0.16911128, y: -0.29458383}
      - {x: 0.21952078, y: -0.2921881}
      - {x: 0.25599393, y: -0.28654474}
      - {x: 0.13472617, y: -0.15246513}
      - {x: 0.23092544, y: -0.08078185}
      - {x: 0.12182092, y: -0.025225017}
      - {x: 0.17716455, y: 0.026696183}
      - {x: 0.16926432, y: 0.03476713}
      - {x: 0.18431668, y: 0.060069416}
      - {x: 0.27092543, y: 0.2302079}
      - {x: 0.2683912, y: 0.25866312}
      - {x: 0.24289049, y: 0.26062578}
      - {x: 0.21554929, y: 0.24182886}
      - {x: 0.17558314, y: 0.2292371}
      - {x: 0.020788528, y: 0.19796965}
      - {x: 0.058528136, y: 0.37260395}
      - {x: 0.014441021, y: 0.35232964}
      - {x: 0.04078852, y: 0.5386633}
      - {x: -0.022130476, y: 0.49980694}
      - {x: -0.010477953, y: 0.6147225}
      - {x: -0.022670893, y: 0.6274597}
      - {x: -0.08068861, y: 0.55739266}
      - {x: -0.10527384, y: 0.6285246}
      - {x: -0.112007275, y: 0.6626147}
      - {x: -0.13767114, y: 0.75965303}
      - {x: -0.15626648, y: 0.80993056}
      - {x: -0.17106238, y: 0.7910594}
      - {x: -0.18415082, y: 0.7603731}
      - {x: -0.1997946, y: 0.7347227}
      - {x: -0.25190493, y: 0.66154945}
      - {x: -0.32525393, y: 0.7917776}
      - {x: -0.44387046, y: 0.96486115}
      - {x: -0.44979462, y: 0.94725734}
      - {x: -0.49472615, y: 0.7644452}
      - {x: -0.6897946, y: 0.9205045}
      - {x: -0.7397946, y: 0.96105933}
      - {x: -0.7491122, y: 0.95051235}
      - {x: -0.74361646, y: 0.73946416}
      - {x: -0.92499995, y: 0.88361025}
      - {x: -0.965, y: 0.92499995}
      - {x: -0.9777571, y: 0.905}
      - {x: -0.972929, y: 0.8874145}
      - {x: -0.9456874, y: 0.82190216}
      - {x: -0.9188289, y: 0.75874114}
      - {x: -0.8866976, y: 0.6666846}
      - {x: -1.0660839, y: 0.74092203}
      - {x: -1.0136067, y: 0.4814905}
      - {x: -1.1798286, y: 0.62602484}
      - {x: -1.1681008, y: 0.585}
      - {x: -1.1294174, y: 0.4983974}
      - {x: -1.0256869, y: 0.26775622}
      - {x: -1.0981009, y: 0.25912255}
      - {x: -1.1433704, y: 0.25034705}
      - {x: -1.1038145, y: 0.20230702}
      - {x: -1.2494751, y: 0.2705124}
      - {x: -1.2663742, y: 0.2598291}
      - {x: -1.2681009, y: 0.2001709}
      - {x: -1.162929, y: -0.020853925}
      - {x: -1.0397797, y: -0.1416432}
      - {x: -1.0681008, y: -0.1753415}
      - {x: -1.0579453, y: -0.1794427}
      - {x: -0.94299763, y: -0.2313299}
      - {x: -0.9660312, y: -0.27017093}
      - {x: -1.0860306, y: -0.34638986}
      - {x: -1.1175913, y: -0.42187905}
      - {x: -1.1731021, y: -0.48961633}
      - {x: -1.2432728, y: -0.54431695}
      - {x: -1.2584447, y: -0.6163666}
      - {x: -1.2432321, y: -0.6512095}
      - {x: -1.1992251, y: -0.69984525}
      - {x: -1.2353438, y: -0.73499995}
      - {x: -1.2282923, y: -0.89471674}
      - {x: -1.2534386, y: -0.92172533}
      - {x: -1.258953, y: -0.94137555}
      - {x: -1.2584845, y: -1.0218558}
      - {x: -1.2886189, y: -1.0253537}
      - {x: -1.2667042, y: -1.1065545}
      - {x: -1.2604282, y: -1.1435288}
      - {x: -1.2550012, y: -1.1913389}
      - {x: -1.2156881, y: -1.1650363}
      - {x: -1.1893469, y: -1.1811802}
      - {x: -1.1383438, y: -1.1984035}
      - {x: -1.0883306, y: -1.1976162}
      - {x: -1.0582479, y: -1.1802291}
      - {x: -1.0400352, y: -1.18555}
      - {x: -1.0373452, y: -1.214442}
      - {x: -1.0907439, y: -1.2164664}
      - {x: -1.0986997, y: -1.2113802}
      - {x: -1.1148084, y: -1.2114171}
      - {x: -1.1182543, y: -1.2333436}
      - {x: -1.1675153, y: -1.205311}
      - {x: -1.194598, y: -1.1929533}
      - {x: -1.1964798, y: -1.2113509}
      - {x: -1.1907914, y: -1.235778}
      - {x: -1.1968949, y: -1.236226}
      - {x: -1.2353222, y: -1.2320876}
      - {x: -1.2388523, y: -1.2392532}
      - {x: -1.2090962, y: -1.3104684}
      - {x: -1.2053452, y: -1.3203788}
      - {x: -1.205279, y: -1.3264045}
      - {x: -1.2062243, y: -1.3643087}
      - {x: -1.2234052, y: -1.3645527}
      - {x: -1.2282897, y: -1.4516569}
      - {x: -1.2241646, y: -1.4633003}
      - {x: -1.1048743, y: -1.4562236}
      - {x: -0.95935696, y: -1.4593513}
      - {x: -0.77917707, y: -1.4599577}
      - {x: -0.7734343, y: -1.451629}
      - {x: -0.773243, y: -1.3657686}
      - {x: -0.7972591, y: -1.3625658}
      - {x: -0.80050534, y: -1.3060209}
      - {x: -0.8283361, y: -1.2263019}
      - {x: -0.82934695, y: -1.1406182}
      - {x: -0.8477962, y: -1.1384063}
      - {x: -0.83820474, y: -1.093575}
      - {x: -0.8332291, y: -1.0644946}
      - {x: -0.80667084, y: -1.0532721}
      - {x: -0.5817336, y: -1.0093789}
    - - {x: -0.995, y: -0.635}
      - {x: -0.98499995, y: -0.615}
      - {x: -0.98499995, y: -0.585}
      - {x: -0.98499995, y: -0.705}
      - {x: -0.995, y: -0.695}
--- !u!114 &992812018034332950
MonoBehaviour:
  m_ObjectHideFlags: 0
  m_CorrespondingSourceObject: {fileID: 0}
  m_PrefabInstance: {fileID: 0}
  m_PrefabAsset: {fileID: 0}
  m_GameObject: {fileID: 5035856890987248369}
  m_Enabled: 1
  m_EditorHideFlags: 0
  m_Script: {fileID: 11500000, guid: a40af0a2365eb114a89766cb362a4d1d, type: 3}
  m_Name: 
  m_EditorClassIdentifier: 
  speed: 1.25
  moveRight: 0
--- !u!50 &-5660935110580812696
Rigidbody2D:
  serializedVersion: 4
  m_ObjectHideFlags: 0
  m_CorrespondingSourceObject: {fileID: 0}
  m_PrefabInstance: {fileID: 0}
  m_PrefabAsset: {fileID: 0}
  m_GameObject: {fileID: 5035856890987248369}
  m_BodyType: 0
  m_Simulated: 1
  m_UseFullKinematicContacts: 0
  m_UseAutoMass: 0
  m_Mass: 5
  m_LinearDrag: 0
  m_AngularDrag: 0.05
  m_GravityScale: 0
  m_Material: {fileID: 0}
  m_Interpolate: 0
  m_SleepingMode: 1
  m_CollisionDetection: 0
  m_Constraints: 4
--- !u!114 &-7642414281867214531
MonoBehaviour:
  m_ObjectHideFlags: 0
  m_CorrespondingSourceObject: {fileID: 0}
  m_PrefabInstance: {fileID: 0}
  m_PrefabAsset: {fileID: 0}
  m_GameObject: {fileID: 5035856890987248369}
  m_Enabled: 1
  m_EditorHideFlags: 0
  m_Script: {fileID: 11500000, guid: c22ac30597f751640b2f5be3d14abf18, type: 3}
  m_Name: 
  m_EditorClassIdentifier: 
